<?xml version="1.0" encoding="UTF-8"?>
<collection xmlns="http://www.loc.gov/MARC21/slim">
<record>
  <controlfield tag="001">261115</controlfield>
  <controlfield tag="005">20160714171641.0</controlfield>
  <datafield tag="024" ind1="8" ind2=" ">
    <subfield code="a">oai:doc.rero.ch:20160701091902-QE</subfield>
    <subfield code="p">map</subfield>
    <subfield code="p">bcufr</subfield>
    <subfield code="z">image</subfield>
    <subfield code="z">cdu6</subfield>
  </datafield>
  <datafield tag="035" ind1=" " ind2=" ">
    <subfield code="a">R008274612</subfield>
  </datafield>
  <datafield tag="041" ind1=" " ind2=" ">
    <subfield code="a">fre</subfield>
  </datafield>
  <datafield tag="080" ind1=" " ind2=" ">
    <subfield code="a">6</subfield>
  </datafield>
  <datafield tag="245" ind1=" " ind2=" ">
    <subfield code="a">Tramways de Fribourg</subfield>
    <subfield code="9">fre</subfield>
    <subfield code="b">ligne principale: gare - Pont suspendu, embranchements: gare - quartier Beauregard, gare - Pérolles</subfield>
  </datafield>
  <datafield tag="260" ind1=" " ind2=" ">
    <subfield code="a">[Fribourg] :</subfield>
    <subfield code="c">[1896]</subfield>
    <subfield code="b">[s.n.],</subfield>
  </datafield>
  <datafield tag="300" ind1=" " ind2=" ">
    <subfield code="c">25 x 39 cm</subfield>
    <subfield code="b">noir et blanc</subfield>
  </datafield>
  <datafield tag="500" ind1=" " ind2=" ">
    <subfield code="a">Date de publication d'après le fonds Glasson de la BCU de Fribourg</subfield>
  </datafield>
  <datafield tag="600" ind1=" " ind2=" ">
    <subfield code="9">650_7</subfield>
    <subfield code="a">Tramways</subfield>
    <subfield code="2">rero</subfield>
  </datafield>
  <datafield tag="600" ind1=" " ind2=" ">
    <subfield code="9">650_7</subfield>
    <subfield code="a">19e siècle (fin)</subfield>
    <subfield code="2">rero</subfield>
  </datafield>
  <datafield tag="600" ind1=" " ind2=" ">
    <subfield code="9">651_7</subfield>
    <subfield code="a">Fribourg (Suisse, ville)</subfield>
    <subfield code="2">rero</subfield>
  </datafield>
  <datafield tag="710" ind1=" " ind2=" ">
    <subfield code="a">Société anonyme des tramways de Fribourg</subfield>
  </datafield>
  <datafield tag="856" ind1="4" ind2=" ">
    <subfield code="f">FR0047.jpg</subfield>
    <subfield code="q">image/jpeg</subfield>
    <subfield code="s">5967008</subfield>
    <subfield code="u">http://doc.rero.ch/record/261115/files/FR0047.jpg</subfield>
    <subfield code="y">order:1</subfield>
    <subfield code="z">Carte Géographique</subfield>
  </datafield>
  <datafield tag="919" ind1=" " ind2=" ">
    <subfield code="a">Bibliothèque cantonale et universitaire Fribourg</subfield>
    <subfield code="b">Fribourg</subfield>
    <subfield code="d">doc.support@rero.ch</subfield>
  </datafield>
  <datafield tag="980" ind1=" " ind2=" ">
    <subfield code="a">MAP</subfield>
    <subfield code="b">BCUFR</subfield>
  </datafield>
  <datafield tag="982" ind1=" " ind2=" ">
    <subfield code="a">Cartes historiques du canton de Fribourg</subfield>
  </datafield>
  <datafield tag="990" ind1=" " ind2=" ">
    <subfield code="a">20160701091902-QE</subfield>
  </datafield>
</record>
</collection>